<record><leader>00000cas a22000007a 4500</leader><controlfield tag="001">20568946</controlfield><controlfield tag="008">891030d19531975pauwr ne      0    0eng d</controlfield><datafield ind1=" " ind2=" " tag="010"><subfield code="a">sn 89077332 </subfield></datafield><datafield ind1=" " ind2=" " tag="040"><subfield code="a">NPH</subfield><subfield code="b">eng</subfield><subfield code="c">NPH</subfield><subfield code="d">OCLCQ</subfield></datafield><datafield ind1=" " ind2=" " tag="042"><subfield code="a">msc</subfield></datafield><datafield ind1="0" ind2=" " tag="130"><subfield code="a">Delaware Valley advance (Langhorne, Pa.)</subfield></datafield><datafield ind1="1" ind2="0" tag="245"><subfield code="a">Delaware Valley advance.</subfield></datafield><datafield ind1="1" ind2="3" tag="246"><subfield code="a">Delaware Valley advance and Morrisville herald</subfield></datafield><datafield ind1="1" ind2="3" tag="246"><subfield code="a">Delaware Valley advance and Morrisville herald and the Levittown advance</subfield></datafield><datafield ind1="1" ind2="7" tag="246"><subfield code="a">Delaware Valley advance-Morrisville herald</subfield></datafield><datafield ind1=" " ind2=" " tag="260"><subfield code="a">Langhorne, Pa. :</subfield><subfield code="b">Advance Newspapers of Bucks Co., Pa.,</subfield><subfield code="c">1953-1975.</subfield></datafield><datafield ind1=" " ind2=" " tag="300"><subfield code="a">v. :</subfield><subfield code="b">ill. ;</subfield><subfield code="c">56 cm.</subfield></datafield><datafield ind1=" " ind2=" " tag="310"><subfield code="a">Weekly</subfield></datafield><datafield ind1="0" ind2=" " tag="362"><subfield code="a">76th yr., no. 42 (Feb. 19, 1953)-98th yr., no. 48 (Mar. 27, 1975).</subfield></datafield><datafield ind1=" " ind2=" " tag="500"><subfield code="a">Other editions available.</subfield></datafield><datafield ind1=" " ind2=" " tag="752"><subfield code="a">United States</subfield><subfield code="b">Pennsylvania</subfield><subfield code="c">Bucks</subfield><subfield code="d">Langhorne.</subfield></datafield><datafield ind1="0" ind2="0" tag="780"><subfield code="t">Delaware Valley advance and the Morrisville herald</subfield><subfield code="w">(DLC)sn 89077331</subfield></datafield><datafield ind1="0" ind2="0" tag="785"><subfield code="t">Advance of Bucks County</subfield><subfield code="w">(DLC)sn 89077351</subfield></datafield></record>